@book{kellerer2004knapsack,
  title={Knapsack Problems},
  author={Kellerer, H. and Pferschy, U. and Pisinger, D.},
  isbn={9783540402862},
  lccn={2004299674},
  url={https://books.google.de/books?id=u5DB7gck08YC},
  year={2004},
  publisher={Springer}
}

@article{pferschy1999dynamic,
  title={Dynamic programming revisited: Improving knapsack algorithms},
  author={Pferschy, Ulrich},
  journal={Computing},
  volume={63},
  number={4},
  pages={419--430},
  year={1999},
  publisher={Springer}
}

@article{diubin2003average,
  title={The average behaviour of greedy algorithms for the knapsack problem: general distributions},
  author={Diubin, Gennady and Korbut, Alexander},
  journal={Mathematical Methods of Operations Research},
  volume={57},
  pages={449--479},
  year={2003},
  publisher={Springer}
}

@article{martello1987algorithms,
  title={Algorithms for knapsack problems},
  author={Martello, Silvano and Toth, Paolo},
  journal={North-Holland Mathematics Studies},
  volume={132},
  pages={213--257},
  year={1987},
  publisher={Elsevier}
}

@INPROCEEDINGS{assi8672677,
  author={Assi, Maram and Haraty, Ramzi A.},
  booktitle={2018 International Arab Conference on Information Technology (ACIT)}, 
  title={A Survey of the Knapsack Problem}, 
  year={2018},
  volume={},
  number={},
  pages={1-6},
  keywords={Dynamic programming;Heuristic algorithms;Optimization;Resource management;Investment;Containers;Petroleum;Knapsack Problem;NP-hard;dynamic programming;branch and bound;greedy approach},
  doi={10.1109/ACIT.2018.8672677}}

@book{cormen2022introduction,
  title={Introduction to algorithms},
  author={Cormen, Thomas H and Leiserson, Charles E and Rivest, Ronald L and Stein, Clifford},
  year={2022},
  publisher={MIT press}
}